@InProceedings{christiansen13,
author = {David Raymond Christiansen and Henning Niss and Klaus Grue and Kristj√°n S. Sigtryggsson and Peter Sestoft},
title = {An Actuarial Programming Language for Life Insurance},
OPTcrossref =  {},
OPTkey = 	 {},
booktitle =	 {ICA 2014},
OPTpages = 	 {},
year =	 {2014},
OPTeditor = 	 {},
OPTvolume = 	 {},
OPTnumber = 	 {},
OPTseries = 	 {},
OPTaddress = 	 {},
OPTmonth = 	 {},
OPTorganization = {},
OPTpublisher = {},
OPTnote = 	 {},
OPTannote = 	 {},
year = 2013
}


@Book{sanders11,
  author =	 {Jason Sanders and Edward Kandrot},
  title = 	 {CUDA by Example: An Introduction to General-Purpose GPU Programming},
  publisher = 	 {Addison-Wesley},
  year = 	 {2011},
  OPTkey = 	 {},
  OPTvolume = 	 {},
  OPTnumber = 	 {},
  OPTseries = 	 {},
  OPTaddress = 	 {},
  OPTedition = 	 {},
  OPTmonth = 	 {},
  OPTnote = 	 {},
  OPTannote = 	 {}
}


@Book{press88,
author = {William H. Press and Saul A. Teukolsky and William T. Vetterling and Brian P. Flannery},
title = {Numerical Recipes in C},
publisher = {Cambridge University Press},
year = {1988-1992}
}

@TechReport{scala-overview-tech-report,
  author =       {Martin Odersky and al.},
  title =        {An Overview of the Scala Programming Language},
  institution =  {EPFL Lausanne, Switzerland},
  year =         2004,
  number =       {IC/2004/64}
}

@misc{horn12,
author = {Cecilie Horn},
title = {Simulating interest paths},
year = {2012}
}

@misc{eu,
author = {EU Parliament},
title = {Future rules, {Solvency II}},
month = {may},
year = {2012},
howpublished={\url{http://ec.europa.eu/internal_market/insurance/solvency/future/index_en.htm}}
}

@misc{fsa,
author = {United Kingdom Financial Services Authority},
title = {{FSA}, {Solvency II}}, 
month = {may},
year = {2012},
howpublished = {\url{http://www.fsa.gov.uk/solvency2}}
}

@misc{cudagpu,
author = {NVidia},
title = {{CUDA GPUs | NVIDIA Developer Zone}},
month = {may},
year = {2012},
howpublished = {\url{http://developer.nvidia.com/cuda-gpus}}
}