@Article{nour08,
  author = {Mohamed Nour},
  title = {A Graphical User Interface for Handling IFC Partial Model exchange},
  journal = {http://www.inpro-project.eu/publications.asp},
  year = {2008}
}

@Article{tomasetti11,
  author = {Federico Tomasetti and Marco Torchiano},
  title = {PrEdE: a Projectional Editor for the Eclipse Modeling Framework},
  journal = {http://2011.eclipse-it.org/ProcEclipse-IT11/},
  year = {2011}
}

@Article{foster05,
  author = {J. Nathan Foster and al.},
  title = {Combinators for bidirectional tree transformations- A linguistic approach to the view-update problem},
  journal = {University of Pensylvania, Departmental Papers},
  year = {2005}
}

@Manual{ifcXMLimpl,
  author = {Nick Nisbet and Thomas Liebech},
  title = {ifcXML Implementation Guide}, 
  year = {2007}}

@inproceedings{conf/models/Voelter10,
  author = {Voelter, Markus},
  biburl = {http://www.bibsonomy.org/bibtex/217d463c2692af12579adcb0555c6aedd/dblp},
  booktitle = {MoDELS (2)},
  crossref = {conf/models/2010-2},
  editor = {Petriu, Dorina C. and Rouquette, Nicolas and Haugen, Øystein},
  ee = {http://dx.doi.org/10.1007/978-3-642-16129-2_4},
  interhash = {4b054a30aa5e2bdeb4e034d8ed86e15e},
  intrahash = {17d463c2692af12579adcb0555c6aedd},
  isbn = {978-3-642-16128-5},
  keywords = {dblp},
  pages = {32-46},
  publisher = {Springer},
  series = {Lecture Notes in Computer Science},
  timestamp = {2010-09-25T00:00:00.000+0200},
  title = {Embedded Software Development with Projectional Language Workbenches.},
  url = {http://dblp.uni-trier.de/db/conf/models/models2010-2.html#Voelter10},
  volume = 6395,
  year = 2010
}

@Article{beetz10,
  author = {Jakob Beetz and Léon van Berlo and Ruben de Laat and Pim van den Helm.},
  title = {BIMSERVER.ORG – An open source IFC Model Server},
  year = 2010,
  journal = {In: Proc. of. 27th International Conference on Applications of IT in the AEC Industry CIB-W78},
  url = {\url{http://bimserver.org/wp-content/uploads/2010/11/Beetz_Berlo-CIB-W78_Cairo.pdf}}
}

@Article{steel11,
  author = {Jim Steel and Keith Duddy and Robin Drogemuller},
  title = {A Transformation Workbench for Building  Information Models},
  year = 2011
}

@Article{giese09,
  author = {Holger Giese and Robert Wagner},
  title = {From Model Transformation to Incremental Bidirectional Model},
  year = 2009,
  journal = {springer.link.com}
}

@article{quteprints37725,
  volume = {11},
  number = {1},
  author = {James Steel and Robin Drogemuller and Bianca Toth},
  title = {Model interoperability in building information modelling},
  publisher = {Springer-Verlag},
  journal = {Software and Systems Modeling},
  pages = {99--109},
  year = {2010},
  keywords = {Interoperability, Building Information Modelling},
  url = {http://eprints.qut.edu.au/37725/}
}

@article{bazjanac99,
  author = {Vladimir Bazjanac and Drury Crawley},
  title = {Industry Foundation Classes And Interoperable Commercial Software In Support Of Design Of Energy-Efficient Buildings},
  year = 1999,
  journal = {Proceedings of Building Simulation 99, Kyoto}
}

@article{mazairac10,
  author = {Wiet Mazairac and Jakob Beetz},
  title = {Towards a Framework for a Domain Specific Open Query Language for Building Information Models},
  year = 2010,
  journal = {Proceedings DDSS conference Eindhoven}
}

@article{jorgensen10,
  author = {Kaj A. Jørgensen and Jørn Skauge and Per Christiansen and Kjeld Svidt and Kristian Birch Sørensen and John Mitchell},
  title = {Use of IFC Model Servers},
  year = 2010,
  University = {Aalborg University}
}

@unpublished{jorgensen12,
  author = {Kaj Asbjørn Jørgensen},
  title = {Collaboration regarding modelling of construction and building services},
  year = 2012,
  University = {Aalborg University},
  note = {Unpublished manuscript available on request}
}

@article{czarnecki06,
 author = {Krzysztof Czarnecki and Simon Helsen},
 title = {Feature-Based Survey of Model Transformation Approaches},
 year = 2006,
 journal = {IBM Systems Journal --- Model-driven software development}
 }

 @article{karsai09,
  author = {Gabor Karsai and Holger Krahn and Claas Pinkernell and Bernhard Rumpe and Martin Schindler and Steven V\"{o}lkel},
  title = {Design Guidelines for Domain Specific Languages},
  year = 2009,
  journal = {9th OOPSLA Workshop on Domain-Specific Modeling}
 }

@misc{emfperformancetips,
  title = {EMF Performance Tips},
  author = {Dave Steinberg and Elena Litani},
  month = jul,
  year = 2005,
  howpublished={\url{http://www.eclipse.org/modeling/emf/docs/performance/EMFPerformanceTips.html}}
}

@misc{ifcwiki,
  title = {IFC WiKi},
  author = {ifcwiki.org},
  month = dec,
  year = 2012,
  howpublished={\url{http://www.ifcwiki.org/index.php/Open Source}}
}

@misc{revit12,
  title = {Revit Products},
  author = {Autodesk},
  month = dec,
  year = 2012,
  howpublished = {\url{http://usa.autodesk.com/revit/}}

}


@misc{emfperformanceandextensibility,
  title = {Performance and Extensibility with EMF},
  author = {Kenn Hussey},
  month = mar,
  year = 2010,
  howpublished={\url{http://www.slideshare.net/kenn.hussey/performance-and-extensibility-with-emf}}
  }

@inproceedings {staworko10,
 author = {S\l avek Staworko and Iovka Boneva and Beno\^{i}t Groz},
 title = {The View Update Problem for XML},
 booktitle = {Updates in XML (EDBT Workshop Proceedings)},
 year = 2010
}

@misc {jetbrainsmps,
 title = {Jetbrains MPS},
 howpublished = {\url{http://www.jetbrains.com/mps/}}
 }

 @misc {xtendtrace,
 title = {Eclipse Modelling javadoc for M2MTraceElement class},
 howpublished = {\url{http://download.eclipse.org/modeling/m2t/xpand/javadoc/1.2/org/eclipse/xtend/util/stdlib/tracing/M2MTraceElement.html}}
 }

@article{karola02,
  title = {BSPro COM-Server—interoperability between software tools using industrial foundation},
  author = {Antti Karola and Hannu Lahtela and Reijo Hänninen and Rob Hitchcock and Qingyan Chen and Stephen Dajka and Kim Hagström},
  journal = {Energy and Buildings --- ENERG BLDG},
  year = 2002,
  volume = 34,
  number = 9,
  pages = {901-907}
}
